@article{Schneider_2016,
title = {\emph{On the length of group laws}},
author = {J. Schneider},	
journal  = {Technische Universit√§t Dresden},
year = {2016}}

@article{Kozma_Thom_2016,
  title={\emph{Divisibility and laws in finite simple groups}},
  author={G. Kozma in A. Thom},
  journal={Mathematische Annalen},
  volume={364},
  number={1-2},
  pages={79--95},
  year={2016},
  publisher={Springer}
}

@article{Bradford_Thom_2022,
title = {\emph{Short Laws for Finite Groups of Lie Type}},
author = {H. Bradford in A. Thom},
year = {2022}}

@article{Bradford_Jakob_Schneider_Thom_2023,
  title={\emph{Non-singular word maps for linear groups}},
  author={H. Brandford{,} J. Schneider in A. Thom},
  journal={arXiv preprint arXiv:2311.03981},
  year={2023}
}

@article{Amir_Blachar_Gerasimova_Kozma_2023,
  title={\emph{Probabilistic Laws on Infinite Groups}},
  author={G. Amir{,} G. Blachar{,} M. Gerasimova in G. Kozma},
  journal={arXiv preprint arXiv:2304.09144},
  year={2023}
}