# Encoding: UTF-8

@article{Kozma_Thom_2016,
  author    = {Gady Kozma and Andreas Thom},
  title     = {Divisibility and laws in finite simple groups},
  journal   = {Mathematische Annalen},
  publisher = {Springer},
urldate   = {2024-17-07},
  year      = {2016},
  volume    = {364},
  number    = {1-2},
  pages     = {79--95}
}

@article{Chilebus_Cocke_Ho_2024,
  author    = {Bogdan S. Chibelius and William Cocke and Meng--Che Ho},
  title     = {Enumerating Word Maps in Finite Groups},
  journal   = {International Journal of Group Theory},
  publisher = {University of Isfahan},
urldate   = {2024-17-07},
  year      = {2016},
  volume    = {13},
  number    = {3},
  pages     = {307--318}
}

@book{Lyndon_Schupp_2015,
  author    = {Roger Lyndon and Paul Schupp},
  title     = {Combinatorial group theory},
  publisher = {Springer Science and Business Media},
  year      = {2015}
}


@mastersthesis{Schneider_2016,
  author    = {Jakob Schneider},
  title     = {On the length of group laws},
  school    = {Technische Universität Dresden},
  year      = {2016},
  type      = {magistrsko delo},
  address   = {Department of mathematics}
}


@bachelorsthesis{Milanez_2022,
  author    = {Tim Milanez},
  title     = {Sprehodi z naključnimi permutacijami},
  school    = {Univerza v Ljubljani},
  year      = {2022},
  type      = {diplomsko delo},
  address   = {Fakulteta za matematiko in fiziko}
}

@misc{Bradford_Thom_2017,
      title={Short Laws for Finite Groups and Residual Finiteness Growth}, 
      author={Henry Bradford and Andreas Thom},
      year={2017},
      eprint={1701.08121},
      archivePrefix={arXiv},
      primaryClass={math.GR},
      note = {verzija 1. 7. 2022 [ogled 29. 2. 2024]},
      url={https://arxiv.org/abs/1701.08121}, 
}

@misc{Bradford_Thom_2022,
  author    = {Henry Bradford and Andreas Thom},
  title     = {Short laws for finite groups of Lie type},
  year      = {2022},
  note      = {verzija 5. 10. 2022 [ogled 29. 2. 2024]},
  url       = {https://arxiv.org/abs/1811.05401}
}

@misc{Bradford_Jakob_Schneider_Thom_2023,
  author    = {Henry Brandford and Jakob Schneider and Andreas Thom},
  title     = {Non-singular word maps for linear groups},
  year      = {2023},
  note      = {verzija 7. 11. 2023 [ogled 29. 2. 2024]},
  url       = {https://arxiv.org/abs/2311.03981}
}

@misc{Amir_Blachar_Gerasimova_Kozma_2023,
  author    = {Gideon Amir and Guy Blachar and Maria Gerasimova and Gady Kozma},
  title     = {Probabilistic laws on infinite groups},
  year      = {2023},
  note      = {verzija 18. 4. 2023 [ogled 29. 2. 2024]},
  url       = {https://arxiv.org/abs/2304.09144}
}

@article{Cocke_2020,
author = {Cocke, William and Skabelund, Dane},
title = {The free spectrum of A5},
journal = {International Journal of Algebra and Computation},
volume = {30},
number = {04},
pages = {685-691},
year = {2020},
URL = {https://doi.org/10.1142/S0218196720500162},
eprint = {https://doi.org/10.1142/S0218196720500162},
    abstract = { We obtain a formula for the orders of the relatively free groups of finite rank in the variety generated by the alternating group A5. This is accomplished by explicitly determining the structure of the commutator subgroups of these groups. }
}

@misc{Elkasapy_Thom_2013,
      title={On the length of the shortest non-trivial element in the derived and the lower central series}, 
      author={Abdelrhman Elkasapy and Andreas Thom},
      year={2013},
      eprint={1311.0138},
      archivePrefix={arXiv},
      primaryClass={math.GR},
      note = {verzija 1. 10. 2013 [ogled 29. 2. 2024]},
      url={https://arxiv.org/abs/1311.0138}, 
}

@misc{Thom_2015,
      title={About the length of laws for finite groups}, 
      author={Andreas Thom},
      year={2015},
      eprint={1508.07730},
      archivePrefix={arXiv},
      primaryClass={math.GR},
      note = {verzija 5. 9. 2015 [ogled 29. 2. 2024]},
      url={https://arxiv.org/abs/1508.07730}, 
}

@misc{Landau_1903,
      title={Uber die Maximalordnung der Permutationen gegebenen Grades}, 
      author={Edmund Landau},
      publisher = {Archiv der Math. und Phys.},
      year={1903},
      pages = {92--103},
      url={https://archive.org/details/archivdermathem48grungoog/page/n1/mode/2up}, 
}

@article{Riemann_1859,
author = {Bernhard Riemann},
title = {Ueber die Anzahl der Primzahlen unter einer gegebenen Grösse},
journal = {Monatsberichte der Berliner Akademie},
year = {1859},
URL = {https://www.claymath.org/wp-content/uploads/2023/04/Wilkins-transcription.pdf},
}

@misc{Granville_1993,
      title={Herald Cramer and the Distribution of Prime Numbers}, 
      author={Andrew Granville},
      year={1993},
      url={https://web.archive.org/web/20150923212842/http://www.dartmouth.edu/~chance/chance_news/for_chance_news/Riemann/cramer.pdf}, 
}

@misc{Helfgott_Seress_2013,
      title={On the diameter of permutation groups}, 
      author={Harald A. Helfgott and Akos Seress},
      year={2013},
      archivePrefix={arXiv},
      primaryClass={math.GR},
      note = {verzija 31. 12. 2013 [ogled 8. 8. 2024]},
      url={https://arxiv.org/abs/1109.3550}, 
}

@article{Liebeck_1984,
  author = {Martin W. Liebeck},
  title = {On minimal degrees and base sizes of primitive permutation groups},
  journal = {Archiv der Mathematik},
  volume = {43},
  number = {01},
  pages = {11-15},
  year = {1984},
  publisher = {Springer Science and Business Media},
  url = {https://link.springer.com/article/10.1007/BF01193603},
}

@misc{nq2.5.11,
  author = {Horn, M. and Nickel, W.},
  title = {{nq}, Nilpotent Quotients of Finitely Presented Groups, {V}ersion 2.5.11},
  month = {Jan},
  year = {2024},
  note = {Refereed GAP package},
  howpublished = {\href{https://gap-packages.github.io/nq/}{https://gap-packages.github.io/nq/}},
  keywords = {nilpotent quotient algorithm; nilpotent presentations; finitely presented groups; finite presentations; commutators; lower central series; identical relations; expression trees; nilpotent Engel groups; right and left Engel elements; computational},
  printedkey = {HN24}
}

@article{Pogacnik_2024,
  author    = {Jakob Pogačnik Souvent},
  title     = {Proste grupe in drevesa},
  journal   = {Matrika},
  volume    = {11},
  number    = {1},
  year      = {2024},
  publisher = {Fakulteta za matematiko in fiziko, Univerza v Ljubljani},
  url       = {https://matrika.fmf.uni-lj.si/letnik-11/stevilka-1/pogacnik.pdf},
}


@book{Dixon_Mortimer_1996,
  author    = {John D. Dixon and Brian Mortimer},
  title     = {Permutation Groups},
  year      = {1996},
  publisher = {Springer-Verlag},
  series    = {Graduate Texts in Mathematics},
  volume    = {163},
  pages     = {133},
  isbn      = {978-0-387-94599-6},
}

@article{Schleimer_2001,
author = {Schleimer, Saul},
year = {2001},
month = {02},
pages = {},
title = {On The Girth Of Groups}
}

@article{Schutzenberger_1959,
  author = {Marcel-Paul Schützenberger},
  title = {Sur l’équation \(a^{2+n} = b^{2+m}c^{2+p}\) dans un groupe libre},
  journal = {Comptes rendus de l’Académie des Sciences Paris, Série I Mathématique},
  volume = {248},
  pages = {2435--2436},
  year = {1959},
  url = {https://www-igm.univ-mlv.fr/~berstel/Mps/Travaux/A/1959EquationGroupeLibreCRAS.pdf}
}

@article{Vaughan-Lee_1999,
  title={Bounds in the restricted Burnside problem},
  author={Michael Vaughan-Lee and E. I. Zel'manov},
  journal={Journal of the Australian Mathematical Society},
  volume={67},
  number={2},
  pages={261-271},
  year={1999},
  publisher={Cambridge University Press},
  doi={10.1017/S144678870000121X}
}

@article{Camina_Cocke_Thillaisundaram_2023,
  title={Title of the Article},
  author={Rachel D. Camina and William L. Cocke and Anitha Thillaisundaram},
  journal={European Journal of Mathematics  },
  volume={9},
  number={46},
  pages={1--13},
  year={2023},
  publisher={Springer},
  doi={10.1007/s40879-023-00644-x}
}

@article{Diaconis_1993,
  author       = {P. Diaconis and L. Saloff-Coste},
  title        = {Comparison techniques for random walk on finite groups},
  journal      = {Annals of Probability},
  volume       = {21},
  number       = {4},
  pages        = {2131--2156},
  year         = {1993},
  url          = {https://www.jstor.org/stable/2244713}
}

@misc{Jezernik_2023,
  author = {Urban Jezernik},
  title = {Teorija upodobitev},
  year = {2023},
  url = {https://urbanjezernik.github.io/teorija-upodobitev/},
  note = {Ogled: 18. 8. 2024}
}

@misc{wikipedia2024nilpotent,
  title = {Nilpotent group},
  year = {2024},
  url = {https://en.wikipedia.org/wiki/Nilpotent_group},
  note = {Ogled: 18. 8. 2024}
}

@misc{wikipedia_cayley_graph,
  author = {Uporabniki Wikipedije},
  title = {Cayley graph --- Wikipedia{,} The Free Encyclopedia},
  year = {2024},
  howpublished = {\url{https://en.wikipedia.org/wiki/Cayley_graph#/media/File:Cayley_graph_of_F2.svg}},
  note = {Ogled: 18. 8. 2024}
}

@misc{Trevisan_2008,
  author    = {Luca Trevisan},
  title     = {CS278: Foundations of Cryptography, Lecture 11},
  year      = {2008},
  howpublished = {\url{https://theory.stanford.edu/~trevisan/cs278-08/lecture11.pdf}},
}

@article{Gromov_1981,
  author    = {Mikhael Gromov},
  title     = {Groups of polynomial growth and expanding maps},
  journal   = {Institut des Hautes Études Scientifiques. Publications Mathématiques},
  number    = {53},
  pages     = {53--73},
  year      = {1981},
}

@misc{math_stack_2207776_torsion_free,
  author       = {Neznani avtor},
  title        = {Free groups are torsion-free},
  howpublished = {\url{https://math.stackexchange.com/questions/2207776/free-groups-are-torsion-free}},
  note         = {[ogled 24. 8. 2024]},
  year         = {2017},
}

@misc{math_stack_4689399_standardna_inkluzija,
  author       = {Neznani avtor},
  title        = {Injective map needed in definition of free groups},
  howpublished = {\url{https://math.stackexchange.com/questions/4689399/injective-map-needed-in-definition-of-free-groups}},
  note         = {[ogled 24. 8. 2024]},
  year         = {2023},
}

@misc{mit_lecture_notes_2021,
  author       = {MIT},
  title        = {Lecture Notes for 18.785, Fall 2021},
  howpublished = {\url{https://math.mit.edu/classes/18.785/2021fa/LectureNotes16.pdf}},
  note         = {Accessed: 2024-08-24},
  year         = {2021},
}
